<record><leader>00000cas a22000007a 4500</leader><controlfield tag="001">11610362</controlfield><controlfield tag="008">850123d186u1959wiuwr ne      0    0eng d</controlfield><datafield ind1=" " ind2=" " tag="010"><subfield code="a">sn 85033026 </subfield></datafield><datafield ind1=" " ind2=" " tag="040"><subfield code="a">NPU</subfield><subfield code="b">eng</subfield><subfield code="c">NPU</subfield><subfield code="d">NPV</subfield><subfield code="d">NPX</subfield><subfield code="d">NSD</subfield><subfield code="d">MGN</subfield><subfield code="d">NVF</subfield><subfield code="d">OCLCQ</subfield></datafield><datafield ind1=" " ind2=" " tag="042"><subfield code="a">msc</subfield></datafield><datafield ind1="0" ind2="4" tag="245"><subfield code="a">The Delavan Republican.</subfield></datafield><datafield ind1=" " ind2=" " tag="260"><subfield code="a">Delavan, Wis. :</subfield><subfield code="b">N.D. Wright,</subfield><subfield code="c">-1959.</subfield></datafield><datafield ind1=" " ind2=" " tag="300"><subfield code="a">v.</subfield></datafield><datafield ind1=" " ind2=" " tag="310"><subfield code="a">Weekly</subfield></datafield><datafield ind1="0" ind2=" " tag="362"><subfield code="a">-v. 89, no. 18 (Apr. 30, 1959).</subfield></datafield><datafield ind1=" " ind2=" " tag="500"><subfield code="a">Publisher varies.</subfield></datafield><datafield ind1=" " ind2=" " tag="588"><subfield code="a">Description based on: Vol. 5, no. 24 (Apr. 23, 1868).</subfield></datafield><datafield ind1=" " ind2=" " tag="752"><subfield code="a">United States</subfield><subfield code="b">Wisconsin</subfield><subfield code="c">Walworth</subfield><subfield code="d">Delavan.</subfield></datafield><datafield ind1="0" ind2="7" tag="785"><subfield code="t">Delavan enterprise (Delavan, Wis. : 1900)</subfield><subfield code="w">(DLC)sn 87082049</subfield></datafield><datafield ind1="0" ind2="7" tag="785"><subfield code="t">Delavan enterprise and the Delavan Republican</subfield><subfield code="x">0899-7616</subfield><subfield code="w">(DLC)sn 87082050</subfield></datafield><datafield ind1="1" ind2=" " tag="029"><subfield code="a">AU@</subfield><subfield code="b">000021431948</subfield></datafield></record>